@online{adcwebsite,
    author = {{Arctic Data Centre}},
    title = {Arctic Data Centre},
    url = {https://adc.met.no/},
    note = {Visited on 2023-09-13},
    year = {2023}
}

@misc{cfconventions,
  title = {{Climate and Forecast (CF) Metadata Conventions}},
  author = {Brian Eaton and Jonathan Gregory and Bob Drach and Karl Taylor and Steve Hankin and Jon Blower and John Caron and Rich Signell and Phil Bentley and Greg Rappa and Heinke Höck and Alison Pamment and Martin Juckes and Martin Raspaud and Randy Horne and Timothy Whiteaker and David Blodgett and Charlie Zender and Daniel Lee and David Hassell and Alan D. Snow and Tobias Kölling and Dave Allured and Aleksandar Jelenak and Anders Meier Sørensen and Lucile Gaultier and Sylvain Herlédan},
  year = {2022},
  howpublished = {\url{https://cfconventions.org/}},
  note = {Version 1.10}
}

@misc{darwincore,
  title = {{Darwin Core: An Evolving Community-Developed Biodiversity Data Standard}},
  author = {{Darwin Core Community}},
  year = {2010},
  howpublished = {\url{http://www.tdwg.org/standards/450}},
  note = {Version 1.4}
}

@article{ellingsen2021keeping,
  title={{Keeping track of samples in multidisciplinary fieldwork}},
  author={Ellingsen, P{\aa}l Gunnar and Ferrighi, Lara and God{\o}y, {\O}ystein Arne and Gabrielsen, Tove M},
  year={2021},
  publisher={{Ubiquity Press}},
  doi={https://doi.org/10.5334/DSJ-2021-034}
}

@online{GBIF,
  author = {{Global Biodiversity Information Facility}},
  title = {Global Biodiversity Information Facility},
  year = {2023},
  url = {https://www.gbif.org/},
  note = {Accessed: 2023-09-08}
}

@software{template_generator,
  author       = {Luke Marsden and
                  Olaf Schneider},
  title        = {{SIOS-Svalbard/Nansen\_Legacy\_template\_generator: 
                   Nansen Legacy template generator}},
  month        = sep,
  year         = 2023,
  publisher    = {Zenodo},
  version      = {v1.01},
  doi          = {10.5281/zenodo.8362212},
  url          = {https://doi.org/10.5281/zenodo.8362212}
}

@misc{marsden_netcdf_python,
  author       = {Marsden, Luke},
  title        = {{NetCDF in Python - from beginner to pro}},
  month        = apr,
  year         = 2024,
  publisher    = {Zenodo},
  version      = {v1.0.0},
  doi          = {10.5281/zenodo.10997447},
  url          = {https://doi.org/10.5281/zenodo.10997447}
}

@misc{marsden_netcdf_r,
  author       = {Marsden, Luke},
  title        = {{NetCDF in R - from beginner to pro}},
  month        = may,
  year         = 2024,
  publisher    = {Zenodo},
  version      = {v1.0.0},
  doi          = {10.5281/zenodo.11400754},
  url          = {https://doi.org/10.5281/zenodo.11400754}
}


@article{robertson2014gbif,
  title={The GBIF integrated publishing toolkit: facilitating the efficient publishing of biodiversity data on the internet},
  author={Robertson, Tim and D{\"o}ring, Markus and Guralnick, Robert and Bloom, David and Wieczorek, John and Braak, Kyle and Otegui, Javier and Russell, Laura and Desmet, Peter},
  journal={PloS one},
  volume={9},
  number={8},
  pages={e102623},
  year={2014},
  publisher={Public Library of Science San Francisco, USA}
}

@misc{rosetta,
  author       = {Hamre, Torill and
                  Monsen, Frode and
                  Yamakawa, Azuka and
                  Olaussen, Tor I.},
  title        = {Rosetta user manual},
  month        = sep,
  year         = 2023,
  publisher    = {Zenodo},
  doi          = {10.5281/zenodo.8359455},
  url          = {https://doi.org/10.5281/zenodo.8359455}
}

@online{SIOSdatacatalogue,
  author = {{SIOS data catalogue}},
  title = {SIOS data catalogue},
  year = {2023},
  url = {https://sios-svalbard.org/metsis/search},
  note = {Accessed: 2023-09-08}
}

@misc{UNISdatapolicy,
  author       = {{The University Centre in Svalbard}},
  title        = {UNIS data policy},
  month        = sep,
  year         = 2023,
  publisher    = {Zenodo},
  version      = {1.0},
  doi          = {10.5281/zenodo.8389683},
  url          = {https://doi.org/10.5281/zenodo.8389683}
}

@article{wilkinson2016fair,
  title={{The FAIR Guiding Principles for scientific data management and stewardship}},
  author={Wilkinson, Mark D and Dumontier, Michel and Aalbersberg, IJsbrand Jan and Appleton, Gabrielle and Axton, Myles and Baak, Arie and Blomberg, Niklas and Boiten, Jan-Willem and da Silva Santos, Luiz Bonino and Bourne, Philip E and others},
  journal={Scientific data},
  volume={3},
  number={1},
  pages={1--9},
  year={2016},
  publisher={{Nature Publishing Group}}
}
